@article{zhang_simulating_2020,
	title = {Simulating vegetation effects on flows in 3D using an unstructured grid model: model development and validation},
	volume = {70},
	issn = {1616-7341, 1616-7228},
	url = {http://link.springer.com/10.1007/s10236-019-01333-8},
	doi = {10.1007/s10236-019-01333-8},
	journal = {Ocean Dynamics},
	shortjournal = {Ocean Dynamics},
	author = {Zhang, Yinglong J. and Gerdts, Nathan and Ateljevich, Eli and Nam, Kijin},
	urldate = {2022-11-05},
	date = {2020-02},
    year = {2020},
	langid = {english},
	file = {Zhang et al._2020_Simulating vegetation effects on flows in 3D using an unstructur.pdf:C\:\\Users\\eli\\Zotero\\storage\\X7MMB4QS\\Zhang et al._2020_Simulating vegetation effects on flows in 3D using an unstructur.pdf:application/pdf},
}